<?xml version="1.0" encoding="UTF-8"?>
<record xmlns="http://www.loc.gov/MARC21/slim">
   <leader>01251cam a2200277Ma 4500</leader>
   <controlfield tag="001">2772156</controlfield>
   <controlfield tag="003">NjP</controlfield>
   <controlfield tag="005">20180125114305.0</controlfield>
   <controlfield tag="008">960912s1968    ir       b    000 0 ara d</controlfield>
   <datafield tag="024" ind1="7" ind2=" ">
      <subfield code="a">princeton_aco003885</subfield>
      <subfield code="2">local</subfield>
   </datafield>
   <datafield ind1=" " ind2=" " tag="035">
      <subfield code="a">(OCoLC)ocm37697667</subfield>
   </datafield>
   <datafield ind1=" " ind2=" " tag="035">
      <subfield code="9">CNG9219TS</subfield>
   </datafield>
   <datafield ind1=" " ind2=" " tag="040">
      <subfield code="a">HLS</subfield>
      <subfield code="c">HLS</subfield>
      <subfield code="d">PUL</subfield>
   </datafield>
   <datafield ind1=" " ind2="4" tag="050">
      <subfield code="a">KBL0.312</subfield>
      <subfield code="b">.K4837 1988x</subfield>
   </datafield>
   <datafield ind1="1" ind2=" " tag="100">
      <subfield code="a">Shīrāzī, Muḥammad al-Mahdī al-Ḥusaynī.</subfield>
   </datafield>
   <datafield ind1="1" ind2="3" tag="245">
      <subfield code="a">al-Wuṣūl ilá Kifāyat al-Uṣūl /</subfield>
      <subfield code="c">taʾlīf Muḥammad al-Ḥusaynī al-Shīrāzī.</subfield>
   </datafield>
   <datafield ind1=" " ind2=" " tag="250">
      <subfield code="a">al-Ṭabʻah al-jadīdah.</subfield>
   </datafield>
   <datafield ind1=" " ind2=" " tag="260">
      <subfield code="a">Qum, Īrān :</subfield>
      <subfield code="b">Dār al-Īmān,</subfield>
      <subfield code="c">1968.</subfield>
   </datafield>
   <datafield ind1=" " ind2=" " tag="300">
      <subfield code="a">5 v. ;</subfield>
      <subfield code="c">25 cm.</subfield>
   </datafield>
   <datafield ind1=" " ind2=" " tag="504">
      <subfield code="a">Includes bibliographical references.</subfield>
   </datafield>
   <datafield ind1="1" ind2="0" tag="600">
      <subfield code="a">Khurāsānī, Muḥammad Kāẓim,</subfield>
      <subfield code="d">1839 or 40-1911.</subfield>
      <subfield code="t">Kifāyat al-uṣūl.</subfield>
   </datafield>
   <datafield ind1=" " ind2="0" tag="650">
      <subfield code="a">Islamic law</subfield>
      <subfield code="x">Interpretation and construction.</subfield>
      <subfield code="0">http://id.loc.gov/authorities/subjects/sh85068455</subfield>
   </datafield>
   <datafield ind1=" " ind2="0" tag="650">
      <subfield code="a">Shiites.</subfield>
      <subfield code="0">http://id.loc.gov/authorities/subjects/sh85121432</subfield>
   </datafield>
   <datafield ind1="1" ind2=" " tag="700">
      <subfield code="a">Khurāsānī, Muḥammad Kāẓim,</subfield>
      <subfield code="d">1839 or 1840-1911.</subfield>
      <subfield code="t">Kifāyat al-Uṣūl.</subfield>
      <subfield code="0">http://id.loc.gov/authorities/names/nr90005564</subfield>
   </datafield>
   <datafield ind1=" " ind2=" " tag="752">
      <subfield code="a">Iran</subfield>
      <subfield code="d">Qum.</subfield>
   </datafield>
   <datafield ind1=" " ind2=" " tag="945">
      <subfield code="a">F</subfield>
      <subfield code="b">1</subfield>
      <subfield code="c">2271.509406.K528.923</subfield>
      <subfield code="e">v.1-5</subfield>
   </datafield>
   <datafield ind1=" " ind2=" " tag="911">
      <subfield code="a">20000130</subfield>
   </datafield>
   <datafield ind1="0" ind2="1" tag="852">
      <subfield code="0">3083005</subfield>
      <subfield code="b">rcppa</subfield>
      <subfield code="t">1</subfield>
      <subfield code="h">KBP370.K49</subfield>
      <subfield code="i">A35 1968</subfield>
      <subfield code="x">tr fr nec</subfield>
   </datafield>
   <datafield ind1=" " ind2="0" tag="866">
      <subfield code="0">3083005</subfield>
      <subfield code="8">0</subfield>
      <subfield code="a">v.1-5</subfield>
   </datafield>
   <datafield ind1=" " ind2=" " tag="959">
      <subfield code="a">2009-10-29 14:30:49 -0400</subfield>
   </datafield>
</record>
